<?xml version="1.0" encoding="UTF-8"?>
<!DOCTYPE html PUBLIC "-//W3C//DTD XHTML 1.0 Transitional//EN"
    "http://www.w3.org/TR/xhtml1/DTD/xhtml1-transitional.dtd">
<html xmlns="http://www.w3.org/1999/xhtml" xml:lang="en" lang="en">
 <head>
  <title>
</title>
<meta http-equiv="Content-Type" content="text/html;charset=utf-8" />
  <meta name='ocr-system' content='tesseract 3.04.00' />
  <meta name='ocr-capabilities' content='ocr_page ocr_carea ocr_par ocr_line ocrx_word'/>
</head>
<body>
  <div class='ocr_page' id='page_1' title='image "./beraussprachevo00corsgoog/beraussprachevo00corsgoog_0320.png"; bbox 0 0 3322 5476; ppageno 0'>
   <div class='ocr_carea' id='block_1_1' title="bbox 727 293 960 359">
    <p class='ocr_par' dir='ltr' id='par_1_1' title="bbox 727 293 960 359">
     <span class='ocr_line' id='line_1_1' title="bbox 727 293 960 359; baseline -0.004 -1"><span class='ocrx_word' id='word_1_1' title='bbox 727 293 960 359; x_wconf 78' lang='lat'>-299-</span> 
     </span>
    </p>
   </div>
   <div class='ocr_carea' id='block_1_2' title="bbox 241 467 1490 651">
    <p class='ocr_par' dir='ltr' id='par_1_2' title="bbox 241 467 1490 651">
     <span class='ocr_line' id='line_1_2' title="bbox 241 467 1490 541; baseline 0.003 -12"><span class='ocrx_word' id='word_1_2' title='bbox 241 468 302 529; x_wconf 83' lang='lat' dir='ltr'><strong>labor</strong></span> <span class='ocrx_word' id='word_1_3' title='bbox 319 467 546 529; x_wconf 86' lang='lat' dir='ltr'><strong>altlateinisches</strong></span> <span class='ocrx_word' id='word_1_4' title='bbox 568 488 586 528; x_wconf 83' lang='lat' dir='ltr'>x</span> <span class='ocrx_word' id='word_1_5' title='bbox 609 470 715 529; x_wconf 89' lang='lat' dir='ltr'><strong>immor</strong></span> <span class='ocrx_word' id='word_1_6' title='bbox 732 487 768 529; x_wconf 91' lang='lat' dir='ltr'><strong>zo</strong></span> <span class='ocrx_word' id='word_1_7' title='bbox 791 469 900 529; x_wconf 84' lang='lat' dir='ltr'><strong>sodor</strong></span> <span class='ocrx_word' id='word_1_8' title='bbox 927 488 963 531; x_wconf 85' lang='lat' dir='ltr'><strong>nu</strong></span> <span class='ocrx_word' id='word_1_9' title='bbox 986 489 1021 531; x_wconf 91' lang='lat' dir='ltr'><strong>ss</strong></span> <span class='ocrx_word' id='word_1_10' title='bbox 1044 471 1203 541; x_wconf 73' lang='lat' dir='ltr'><strong>crn&#39;eicbt;</strong></span> <span class='ocrx_word' id='word_1_11' title='bbox 1231 469 1341 532; x_wconf 85' lang='lat' dir='ltr'><strong>ebenso</strong></span> <span class='ocrx_word' id='word_1_12' title='bbox 1362 472 1490 534; x_wconf 88' lang='lat' dir='ltr'><strong>viellacb</strong></span> 
     </span>
     <span class='ocr_line' id='line_1_3' title="bbox 241 570 855 651; baseline -0.005 -17"><span class='ocrx_word' id='word_1_13' title='bbox 241 572 385 634; x_wconf 84' lang='lat' dir='ltr'><strong>banderen</strong></span> <span class='ocrx_word' id='word_1_14' title='bbox 406 570 624 634; x_wconf 85' lang='lat' dir='ltr'><strong>Romanischeu</strong></span> <span class='ocrx_word' id='word_1_15' title='bbox 647 570 809 651; x_wconf 86' lang='lat' dir='ltr'><strong>Sprachen.</strong></span> <span class='ocrx_word' id='word_1_16' title='bbox 852 595 855 600; x_wconf 40' lang='lat'><em>¹</em></span> 
     </span>
    </p>
   </div>
   <div class='ocr_carea' id='block_1_3' title="bbox 728 860 968 1075">
    <p class='ocr_par' dir='ltr' id='par_1_3' title="bbox 728 860 968 1075">
     <span class='ocr_line' id='line_1_4' title="bbox 728 860 968 923; baseline 0 0"><span class='ocrx_word' id='word_1_17' title='bbox 728 860 968 923; x_wconf 79' lang='lat' dir='ltr'><strong>Halbvolrale.</strong></span> 
     </span>
     <span class='ocr_line' id='line_1_5' title="bbox 832 1016 859 1075; baseline 0 0"><span class='ocrx_word' id='word_1_18' title='bbox 832 1016 859 1075; x_wconf 91' lang='lat' dir='ltr'><strong>J.</strong></span> 
     </span>
    </p>
   </div>
   <div class='ocr_carea' id='block_1_4' title="bbox 136 1169 1496 3910">
    <p class='ocr_par' dir='ltr' id='par_1_4' title="bbox 136 1169 1496 3910">
     <span class='ocr_line' id='line_1_6' title="bbox 136 1169 1493 1263; baseline 0.004 -32"><span class='ocrx_word' id='word_1_19' title='bbox 136 1242 141 1263; x_wconf 46' lang='grc'>,</span> <span class='ocrx_word' id='word_1_20' title='bbox 290 1171 347 1232; x_wconf 86' lang='lat' dir='ltr'><strong>Firr</strong></span> <span class='ocrx_word' id='word_1_21' title='bbox 374 1171 422 1232; x_wconf 88' lang='lat' dir='ltr'><strong>die</strong></span> <span class='ocrx_word' id='word_1_22' title='bbox 446 1169 631 1250; x_wconf 78' lang='lat' dir='ltr'><strong>Aussprache</strong></span> <span class='ocrx_word' id='word_1_23' title='bbox 654 1169 708 1229; x_wconf 76' lang='lat' dir='ltr'><strong>cles</strong></span> <span class='ocrx_word' id='word_1_24' title='bbox 736 1169 946 1230; x_wconf 88' lang='lat' dir='ltr'><strong>Latoiuiscben</strong></span> <span class='ocrx_word' id='word_1_25' title='bbox 967 1169 1177 1251; x_wconf 81' lang='lat' dir='ltr'><strong>llalbvolialsj</strong></span> <span class='ocrx_word' id='word_1_26' title='bbox 1204 1173 1288 1251; x_wconf 80' lang='lat' dir='ltr'><strong>giebt</strong></span> <span class='ocrx_word' id='word_1_27' title='bbox 1314 1175 1363 1235; x_wconf 89' lang='lat' dir='ltr'><strong>dio</strong></span> <span class='ocrx_word' id='word_1_28' title='bbox 1391 1177 1493 1253; x_wconf 78' lang='lat' dir='ltr'><strong>einge-</strong></span> 
     </span>
     <span class='ocr_line' id='line_1_7' title="bbox 136 1267 1493 1357; baseline 0.005 -26"><span class='ocrx_word' id='word_1_29' title='bbox 136 1272 141 1323; x_wconf 85' lang='lat' dir='ltr'><strong>l</strong></span> <span class='ocrx_word' id='word_1_30' title='bbox 214 1267 326 1334; x_wconf 80' lang='lat' dir='ltr'><strong>beudste</strong></span> <span class='ocrx_word' id='word_1_31' title='bbox 360 1274 565 1351; x_wconf 81' lang='lat' dir='ltr'><strong>bestimmung</strong></span> <span class='ocrx_word' id='word_1_32' title='bbox 598 1272 732 1333; x_wconf 82' lang='lat' dir='ltr'><strong>Priscian</strong></span> <span class='ocrx_word' id='word_1_33' title='bbox 761 1272 789 1342; x_wconf 96' lang='lat' dir='ltr'><strong>l,</strong></span> <span class='ocrx_word' id='word_1_34' title='bbox 825 1269 874 1332; x_wconf 84' lang='lat'><strong>18.</strong></span> <span class='ocrx_word' id='word_1_35' title='bbox 898 1273 942 1332; x_wconf 91' lang='lat' dir='ltr'><strong>H:</strong></span> <span class='ocrx_word' id='word_1_36' title='bbox 987 1273 1030 1333; x_wconf 85' lang='lat' dir='ltr'><strong>Et</strong></span> <span class='ocrx_word' id='word_1_37' title='bbox 1062 1276 1072 1333; x_wconf 93' lang='lat' dir='ltr'><strong>i</strong></span> <span class='ocrx_word' id='word_1_38' title='bbox 1106 1276 1256 1354; x_wconf 84' lang='lat' dir='ltr'><strong>quidem</strong></span> <span class='ocrx_word' id='word_1_39' title='bbox 1288 1277 1395 1337; x_wconf 76' lang='lat' dir='ltr'><strong>morlo</strong></span> <span class='ocrx_word' id='word_1_40' title='bbox 1428 1297 1493 1357; x_wconf 93' lang='lat' dir='ltr'><strong>pro</strong></span> 
     </span>
     <span class='ocr_line' id='line_1_8' title="bbox 209 1374 1493 1459; baseline 0.005 -26"><span class='ocrx_word' id='word_1_41' title='bbox 209 1374 368 1457; x_wconf 80' lang='lat' dir='ltr'><strong>simplici</strong></span> <span class='ocrx_word' id='word_1_42' title='bbox 396 1376 502 1437; x_wconf 88' lang='lat' dir='ltr'><strong>modo</strong></span> <span class='ocrx_word' id='word_1_43' title='bbox 529 1393 597 1455; x_wconf 89' lang='lat' dir='ltr'><strong>pro</strong></span> <span class='ocrx_word' id='word_1_44' title='bbox 624 1374 771 1455; x_wconf 85' lang='lat' dir='ltr'><strong>duplici</strong></span> <span class='ocrx_word' id='word_1_45' title='bbox 803 1375 996 1454; x_wconf 80' lang='lat' dir='ltr'><strong>accipitur</strong></span> <span class='ocrx_word' id='word_1_46' title='bbox 1024 1384 1273 1438; x_wconf 86' lang='lat' dir='ltr'><strong>consonante:</strong></span> <span class='ocrx_word' id='word_1_47' title='bbox 1308 1397 1374 1459; x_wconf 93' lang='lat' dir='ltr'><strong>pro</strong></span> <span class='ocrx_word' id='word_1_48' title='bbox 1405 1382 1493 1440; x_wconf 81' lang='lat' dir='ltr'><strong>sinr-</strong></span> 
     </span>
     <span class='ocr_line' id='line_1_9' title="bbox 204 1474 1495 1559; baseline 0.005 -25"><span class='ocrx_word' id='word_1_49' title='bbox 204 1474 313 1551; x_wconf 82' lang='lat' dir='ltr'><strong>plici,</strong></span> <span class='ocrx_word' id='word_1_50' title='bbox 347 1478 494 1559; x_wconf 78' lang='lat' dir='ltr'><strong>quantlo</strong></span> <span class='ocrx_word' id='word_1_51' title='bbox 523 1477 565 1538; x_wconf 92' lang='lat' dir='ltr'><strong>ab</strong></span> <span class='ocrx_word' id='word_1_52' title='bbox 594 1496 636 1537; x_wconf 89' lang='lat' dir='ltr'><strong>eo</strong></span> <span class='ocrx_word' id='word_1_53' title='bbox 664 1480 804 1558; x_wconf 78' lang='lat' dir='ltr'><strong>incipit</strong></span> <span class='ocrx_word' id='word_1_54' title='bbox 834 1477 975 1556; x_wconf 80' lang='lat' dir='ltr'><strong>syllaba</strong></span> <span class='ocrx_word' id='word_1_55' title='bbox 1009 1480 1046 1539; x_wconf 91' lang='lat' dir='ltr'><strong>in</strong></span> <span class='ocrx_word' id='word_1_56' title='bbox 1078 1481 1275 1559; x_wconf 91' lang='lat' dir='ltr'><strong>principio</strong></span> <span class='ocrx_word' id='word_1_57' title='bbox 1304 1480 1495 1543; x_wconf 87' lang='lat' dir='ltr'><strong>dictionis</strong></span> 
     </span>
     <span class='ocr_line' id='line_1_10' title="bbox 202 1580 1494 1664; baseline 0.005 -26"><span class='ocrx_word' id='word_1_58' title='bbox 202 1585 329 1653; x_wconf 83' lang='lat' dir='ltr'><strong>posita</strong></span> <span class='ocrx_word' id='word_1_59' title='bbox 358 1580 609 1661; x_wconf 79' lang='lat' dir='ltr'><strong>subsequente</strong></span> <span class='ocrx_word' id='word_1_60' title='bbox 637 1580 761 1642; x_wconf 81' lang='lat' dir='ltr'><strong>vocali</strong></span> <span class='ocrx_word' id='word_1_61' title='bbox 789 1582 825 1640; x_wconf 94' lang='lat' dir='ltr'><strong>in</strong></span> <span class='ocrx_word' id='word_1_62' title='bbox 849 1581 975 1641; x_wconf 86' lang='lat' dir='ltr'><strong>eadern</strong></span> <span class='ocrx_word' id='word_1_63' title='bbox 999 1581 1159 1661; x_wconf 82' lang='lat' dir='ltr'><strong>syllaba,</strong></span> <span class='ocrx_word' id='word_1_64' title='bbox 1189 1589 1227 1643; x_wconf 93' lang='lat' dir='ltr'><strong>ut</strong></span> <span class='ocrx_word' id='word_1_65' title='bbox 1248 1581 1377 1652; x_wconf 71' lang='lat' dir='ltr'><strong>‘Juuo,</strong></span> <span class='ocrx_word' id='word_1_66' title='bbox 1406 1584 1494 1664; x_wconf 91' lang='lat' dir='ltr'><strong>Jup-</strong></span> 
     </span>
     <span class='ocr_line' id='line_1_11' title="bbox 196 1682 1496 1763; baseline 0.005 -23"><span class='ocrx_word' id='word_1_67' title='bbox 196 1682 333 1755; x_wconf 86' lang='lat' dir='ltr'><strong>piter’,</strong></span> <span class='ocrx_word' id='word_1_68' title='bbox 362 1702 429 1763; x_wconf 93' lang='lat' dir='ltr'><strong>pro</strong></span> <span class='ocrx_word' id='word_1_69' title='bbox 457 1683 600 1763; x_wconf 87' lang='lat' dir='ltr'><strong>duplici</strong></span> <span class='ocrx_word' id='word_1_70' title='bbox 631 1690 766 1752; x_wconf 87' lang='lat' dir='ltr'><strong>autern,</strong></span> <span class='ocrx_word' id='word_1_71' title='bbox 795 1683 942 1762; x_wconf 81' lang='lat' dir='ltr'><strong>quando</strong></span> <span class='ocrx_word' id='word_1_72' title='bbox 971 1686 1007 1744; x_wconf 93' lang='lat' dir='ltr'><strong>in</strong></span> <span class='ocrx_word' id='word_1_73' title='bbox 1035 1685 1156 1744; x_wconf 86' lang='lat' dir='ltr'><strong>medio</strong></span> <span class='ocrx_word' id='word_1_74' title='bbox 1185 1684 1369 1746; x_wconf 89' lang='lat' dir='ltr'><strong>dictionis</strong></span> <span class='ocrx_word' id='word_1_75' title='bbox 1392 1685 1433 1745; x_wconf 92' lang='lat' dir='ltr'><strong>ab</strong></span> <span class='ocrx_word' id='word_1_76' title='bbox 1457 1706 1496 1746; x_wconf 90' lang='lat' dir='ltr'><strong>eo</strong></span> 
     </span>
     <span class='ocr_line' id='line_1_12' title="bbox 194 1778 1494 1867; baseline 0.005 -25"><span class='ocrx_word' id='word_1_77' title='bbox 194 1778 344 1867; x_wconf 83' lang='lat' dir='ltr'><strong>incipit</strong></span> <span class='ocrx_word' id='word_1_78' title='bbox 376 1785 523 1866; x_wconf 80' lang='lat' dir='ltr'><strong>syllaba</strong></span> <span class='ocrx_word' id='word_1_79' title='bbox 556 1792 639 1865; x_wconf 91' lang='lat' dir='ltr'><strong>post</strong></span> <span class='ocrx_word' id='word_1_80' title='bbox 671 1784 836 1845; x_wconf 86' lang='lat' dir='ltr'><strong>vocalem</strong></span> <span class='ocrx_word' id='word_1_81' title='bbox 865 1793 953 1846; x_wconf 87' lang='lat' dir='ltr'><strong>ante</strong></span> <span class='ocrx_word' id='word_1_82' title='bbox 982 1805 1018 1846; x_wconf 90' lang='lat' dir='ltr'><strong>se</strong></span> <span class='ocrx_word' id='word_1_83' title='bbox 1051 1789 1210 1866; x_wconf 88' lang='lat' dir='ltr'><strong>positam</strong></span> <span class='ocrx_word' id='word_1_84' title='bbox 1240 1785 1494 1867; x_wconf 84' lang='lat' dir='ltr'><strong>subsequente</strong></span> 
     </span>
     <span class='ocr_line' id='line_1_13' title="bbox 191 1886 1495 1970; baseline 0.005 -25"><span class='ocrx_word' id='word_1_85' title='bbox 191 1899 348 1970; x_wconf 81' lang='lat' dir='ltr'><strong>quoque</strong></span> <span class='ocrx_word' id='word_1_86' title='bbox 371 1886 493 1949; x_wconf 83' lang='lat' dir='ltr'><strong>vocali</strong></span> <span class='ocrx_word' id='word_1_87' title='bbox 522 1890 559 1948; x_wconf 93' lang='lat' dir='ltr'><strong>in</strong></span> <span class='ocrx_word' id='word_1_88' title='bbox 582 1887 709 1948; x_wconf 85' lang='lat' dir='ltr'><strong>eadem</strong></span> <span class='ocrx_word' id='word_1_89' title='bbox 732 1886 894 1966; x_wconf 90' lang='lat' dir='ltr'><strong>syllaba,</strong></span> <span class='ocrx_word' id='word_1_90' title='bbox 923 1895 961 1949; x_wconf 94' lang='lat' dir='ltr'><strong>ut</strong></span> <span class='ocrx_word' id='word_1_91' title='bbox 985 1891 1133 1958; x_wconf 85' lang='lat' dir='ltr'><strong>‘maius,</strong></span> <span class='ocrx_word' id='word_1_92' title='bbox 1162 1891 1292 1968; x_wconf 92' lang='lat' dir='ltr'><strong>peius,</strong></span> <span class='ocrx_word' id='word_1_93' title='bbox 1321 1892 1435 1960; x_wconf 89' lang='lat' dir='ltr'><strong>cius&#39;,</strong></span> <span class='ocrx_word' id='word_1_94' title='bbox 1458 1893 1495 1951; x_wconf 92' lang='lat' dir='ltr'><strong>in</strong></span> 
     </span>
     <span class='ocr_line' id='line_1_14' title="bbox 188 1988 1495 2070; baseline 0.005 -24"><span class='ocrx_word' id='word_1_95' title='bbox 188 2000 274 2061; x_wconf 80' lang='lat' dir='ltr'><strong>quo</strong></span> <span class='ocrx_word' id='word_1_96' title='bbox 304 1991 386 2052; x_wconf 89' lang='lat' dir='ltr'><strong>loco</strong></span> <span class='ocrx_word' id='word_1_97' title='bbox 420 1993 566 2070; x_wconf 78' lang='lat' dir='ltr'><strong>antiqui</strong></span> <span class='ocrx_word' id='word_1_98' title='bbox 599 1988 778 2051; x_wconf 81' lang='lat' dir='ltr'><strong>solebant</strong></span> <span class='ocrx_word' id='word_1_99' title='bbox 809 1993 1003 2068; x_wconf 79' lang='lat' dir='ltr'><strong>geminare</strong></span> <span class='ocrx_word' id='word_1_100' title='bbox 1033 1991 1186 2052; x_wconf 85' lang='lat' dir='ltr'><strong>eandem</strong></span> <span class='ocrx_word' id='word_1_101' title='bbox 1217 1994 1228 2051; x_wconf 94' lang='lat' dir='ltr'><strong>i</strong></span> <span class='ocrx_word' id='word_1_102' title='bbox 1261 1992 1432 2053; x_wconf 87' lang='lat' dir='ltr'><strong>litteram</strong></span> <span class='ocrx_word' id='word_1_103' title='bbox 1461 1999 1495 2053; x_wconf 90' lang='lat' dir='ltr'><strong>ct</strong></span> 
     </span>
     <span class='ocr_line' id='line_1_15' title="bbox 187 2085 1493 2175; baseline 0.005 -27"><span class='ocrx_word' id='word_1_104' title='bbox 187 2085 374 2162; x_wconf 61' lang='lat' dir='ltr'><strong>‘maiius</strong></span> <span class='ocrx_word' id='word_1_105' title='bbox 397 2094 542 2173; x_wconf 89' lang='lat' dir='ltr'><strong>peiius,</strong></span> <span class='ocrx_word' id='word_1_106' title='bbox 566 2094 681 2152; x_wconf 89' lang='lat' dir='ltr'><strong>oiios’</strong></span> <span class='ocrx_word' id='word_1_107' title='bbox 698 2092 886 2162; x_wconf 89' lang='lat' dir='ltr'><strong>scribere,</strong></span> <span class='ocrx_word' id='word_1_108' title='bbox 911 2093 1006 2172; x_wconf 84' lang='lat' dir='ltr'><strong>quod</strong></span> <span class='ocrx_word' id='word_1_109' title='bbox 1030 2093 1227 2154; x_wconf 90' lang='lat' dir='ltr'><strong>nonaliter</strong></span> <span class='ocrx_word' id='word_1_110' title='bbox 1250 2097 1493 2175; x_wconf 87' lang='lat' dir='ltr'><strong>pronuntiari</strong></span> 
     </span>
     <span class='ocr_line' id='line_1_16' title="bbox 182 2195 1494 2277; baseline 0.004 -25"><span class='ocrx_word' id='word_1_111' title='bbox 182 2201 346 2265; x_wconf 80' lang='lat' dir='ltr'><strong>posset,</strong></span> <span class='ocrx_word' id='word_1_112' title='bbox 371 2215 477 2275; x_wconf 87' lang='lat' dir='ltr'><strong>quarn</strong></span> <span class='ocrx_word' id='word_1_113' title='bbox 500 2197 532 2255; x_wconf 88' lang='lat' dir='ltr'><strong>si</strong></span> <span class='ocrx_word' id='word_1_114' title='bbox 555 2213 633 2255; x_wconf 90' lang='lat' dir='ltr'><strong>cum</strong></span> <span class='ocrx_word' id='word_1_115' title='bbox 657 2197 859 2274; x_wconf 85' lang='lat' dir='ltr'><strong>superiore</strong></span> <span class='ocrx_word' id='word_1_116' title='bbox 876 2195 1021 2274; x_wconf 89' lang='lat' dir='ltr'><strong>syllaba</strong></span> <span class='ocrx_word' id='word_1_117' title='bbox 1043 2198 1146 2275; x_wconf 93' lang='lat' dir='ltr'><strong>prior</strong></span> <span class='ocrx_word' id='word_1_118' title='bbox 1168 2198 1194 2266; x_wconf 94' lang='lat' dir='ltr'><strong>i,</strong></span> <span class='ocrx_word' id='word_1_119' title='bbox 1218 2214 1296 2257; x_wconf 90' lang='lat' dir='ltr'><strong>curn</strong></span> <span class='ocrx_word' id='word_1_120' title='bbox 1312 2205 1494 2277; x_wconf 84' lang='lat' dir='ltr'><strong>sequente</strong></span> 
     </span>
     <span class='ocr_line' id='line_1_17' title="bbox 180 2287 1493 2380; baseline 0.005 -27"><span class='ocrx_word' id='word_1_121' title='bbox 180 2287 325 2359; x_wconf 74' lang='lat' dir='ltr'><strong>altera</strong></span> <span class='ocrx_word' id='word_1_122' title='bbox 348 2298 609 2378; x_wconf 81' lang='lat' dir='ltr'><strong>proferretur,</strong></span> <span class='ocrx_word' id='word_1_123' title='bbox 632 2305 671 2357; x_wconf 94' lang='lat' dir='ltr'><strong>ut</strong></span> <span class='ocrx_word' id='word_1_124' title='bbox 692 2297 874 2377; x_wconf 69' lang='lat' dir='ltr'><strong>‘pei-ios,</strong></span> <span class='ocrx_word' id='word_1_125' title='bbox 898 2301 1034 2368; x_wconf 88' lang='lat' dir='ltr'><strong>oi-ius,</strong></span> <span class='ocrx_word' id='word_1_126' title='bbox 1058 2300 1245 2369; x_wconf 88' lang='lat' dir='ltr'><strong>mai-ius’;</strong></span> <span class='ocrx_word' id='word_1_127' title='bbox 1269 2318 1348 2360; x_wconf 91' lang='lat' dir='ltr'><strong>nam</strong></span> <span class='ocrx_word' id='word_1_128' title='bbox 1369 2319 1493 2380; x_wconf 89' lang='lat' dir='ltr'><strong>quaru-</strong></span> 
     </span>
     <span class='ocr_line' id='line_1_18' title="bbox 180 2391 1495 2480; baseline 0.006 -25"><span class='ocrx_word' id='word_1_129' title='bbox 180 2391 255 2455; x_wconf 67' lang='lat' dir='ltr'><strong>vis</strong></span> <span class='ocrx_word' id='word_1_130' title='bbox 296 2402 345 2462; x_wconf 87' lang='lat' dir='ltr'><strong>sit</strong></span> <span class='ocrx_word' id='word_1_131' title='bbox 380 2417 606 2469; x_wconf 76' lang='lat' dir='ltr'><strong>consonano,</strong></span> <span class='ocrx_word' id='word_1_132' title='bbox 643 2401 680 2460; x_wconf 88' lang='lat' dir='ltr'><strong>in</strong></span> <span class='ocrx_word' id='word_1_133' title='bbox 717 2400 843 2460; x_wconf 88' lang='lat' dir='ltr'><strong>eadem</strong></span> <span class='ocrx_word' id='word_1_134' title='bbox 873 2399 1020 2480; x_wconf 90' lang='lat' dir='ltr'><strong>syllaba</strong></span> <span class='ocrx_word' id='word_1_135' title='bbox 1057 2403 1248 2478; x_wconf 80' lang='lat' dir='ltr'><strong>geminata</strong></span> <span class='ocrx_word' id='word_1_136' title='bbox 1285 2402 1390 2480; x_wconf 80' lang='lat' dir='ltr'><strong>iungi</strong></span> <span class='ocrx_word' id='word_1_137' title='bbox 1423 2421 1495 2463; x_wconf 93' lang='lat' dir='ltr'><strong>non</strong></span> 
     </span>
     <span class='ocr_line' id='line_1_19' title="bbox 177 2501 1493 2583; baseline 0.001 -20"><span class='ocrx_word' id='word_1_138' title='bbox 177 2503 351 2563; x_wconf 75' lang='lat' dir='ltr'><strong>nosset:</strong></span> <span class='ocrx_word' id='word_1_139' title='bbox 382 2519 474 2580; x_wconf 83' lang='lat' dir='ltr'><strong>ergo</strong></span> <span class='ocrx_word' id='word_1_140' title='bbox 495 2520 566 2562; x_wconf 93' lang='lat' dir='ltr'><strong>nou</strong></span> <span class='ocrx_word' id='word_1_141' title='bbox 588 2501 708 2563; x_wconf 88' lang='lat' dir='ltr'><strong>alitor</strong></span> <span class='ocrx_word' id='word_1_142' title='bbox 736 2521 841 2582; x_wconf 83' lang='lat' dir='ltr'><strong>quarn</strong></span> <span class='ocrx_word' id='word_1_143' title='bbox 870 2502 1015 2571; x_wconf 66' lang='lat' dir='ltr'><strong>‘tellus</strong></span> <span class='ocrx_word' id='word_1_144' title='bbox 1047 2505 1217 2564; x_wconf 88' lang='lat' dir='ltr'><strong>nrannus’</strong></span> <span class='ocrx_word' id='word_1_145' title='bbox 1241 2505 1409 2583; x_wconf 81' lang='lat' dir='ltr'><strong>proferri</strong></span> <span class='ocrx_word' id='word_1_146' title='bbox 1431 2504 1493 2564; x_wconf 79' lang='lat' dir='ltr'><strong>ile-</strong></span> 
     </span>
     <span class='ocr_line' id='line_1_20' title="bbox 178 2584 1494 2685; baseline 0.004 -24"><span class='ocrx_word' id='word_1_147' title='bbox 178 2584 297 2666; x_wconf 78' lang='lat' dir='ltr'><strong>buit</strong></span> <span class='ocrx_word' id='word_1_148' title='bbox 325 2604 418 2666; x_wconf 89' lang='lat' dir='ltr'><strong>undo</strong></span> <span class='ocrx_word' id='word_1_149' title='bbox 447 2603 673 2684; x_wconf 78' lang='lat' dir='ltr'><strong>‘Pourpciii&#39;</strong></span> <span class='ocrx_word' id='word_1_150' title='bbox 701 2622 847 2683; x_wconf 87' lang='lat' dir='ltr'><strong>quoque</strong></span> <span class='ocrx_word' id='word_1_151' title='bbox 874 2606 1092 2681; x_wconf 79' lang='lat' dir='ltr'><strong>genetivum</strong></span> <span class='ocrx_word' id='word_1_152' title='bbox 1123 2624 1190 2685; x_wconf 91' lang='lat' dir='ltr'><strong>per</strong></span> <span class='ocrx_word' id='word_1_153' title='bbox 1217 2608 1293 2666; x_wconf 90' lang='lat' dir='ltr'><strong>tria</strong></span> <span class='ocrx_word' id='word_1_154' title='bbox 1314 2608 1325 2666; x_wconf 93' lang='lat' dir='ltr'><strong>i</strong></span> <span class='ocrx_word' id='word_1_155' title='bbox 1348 2605 1494 2667; x_wconf 90' lang='lat' dir='ltr'><strong>scribe-</strong></span> 
     </span>
     <span class='ocr_line' id='line_1_21' title="bbox 178 2685 1493 2787; baseline -0.001 -20"><span class='ocrx_word' id='word_1_156' title='bbox 178 2685 310 2777; x_wconf 78' lang='lat' dir='ltr'><strong>banc,</strong></span> <span class='ocrx_word' id='word_1_157' title='bbox 332 2725 489 2786; x_wconf 89' lang='lat' dir='ltr'><strong>quorum</strong></span> <span class='ocrx_word' id='word_1_158' title='bbox 512 2706 583 2768; x_wconf 86' lang='lat' dir='ltr'><strong>duo</strong></span> <span class='ocrx_word' id='word_1_159' title='bbox 606 2708 804 2786; x_wconf 89' lang='lat' dir='ltr'><strong>superiora</strong></span> <span class='ocrx_word' id='word_1_160' title='bbox 828 2706 907 2765; x_wconf 90' lang='lat' dir='ltr'><strong>loco</strong></span> <span class='ocrx_word' id='word_1_161' title='bbox 930 2708 1216 2767; x_wconf 89' lang='lat' dir='ltr'><strong>consonantium</strong></span> <span class='ocrx_word' id='word_1_162' title='bbox 1239 2706 1493 2787; x_wconf 88' lang='lat' dir='ltr'><strong>accipiebant,</strong></span> 
     </span>
     <span class='ocr_line' id='line_1_22' title="bbox 172 2796 1494 2889; baseline 0.001 -20"><span class='ocrx_word' id='word_1_163' title='bbox 172 2796 238 2859; x_wconf 68' lang='grc' dir='ltr'>Ἢ</span> <span class='ocrx_word' id='word_1_164' title='bbox 268 2811 298 2869; x_wconf 90' lang='lat' dir='ltr'><strong>si</strong></span> <span class='ocrx_word' id='word_1_165' title='bbox 314 2809 419 2869; x_wconf 89' lang='lat' dir='ltr'><strong>dicas</strong></span> <span class='ocrx_word' id='word_1_166' title='bbox 441 2808 677 2887; x_wconf 80' lang='lat' dir='ltr'><strong>‘Pompclli’;</strong></span> <span class='ocrx_word' id='word_1_167' title='bbox 700 2827 780 2869; x_wconf 88' lang='lat' dir='ltr'><strong>narn</strong></span> <span class='ocrx_word' id='word_1_168' title='bbox 796 2807 921 2868; x_wconf 84' lang='lat' dir='ltr'><strong>tribus</strong></span> <span class='ocrx_word' id='word_1_169' title='bbox 944 2811 953 2869; x_wconf 95' lang='lat' dir='ltr'><strong>i</strong></span> <span class='ocrx_word' id='word_1_170' title='bbox 976 2808 1257 2888; x_wconf 86' lang='lat' dir='ltr'><strong>iunctisqualis</strong></span> <span class='ocrx_word' id='word_1_171' title='bbox 1279 2812 1400 2889; x_wconf 80' lang='lat' dir='ltr'><strong>possjt</strong></span> <span class='ocrx_word' id='word_1_172' title='bbox 1422 2809 1494 2889; x_wconf 91' lang='lat' dir='ltr'><strong>syl-</strong></span> 
     </span>
     <span class='ocr_line' id='line_1_23' title="bbox 179 2887 1495 2992; baseline 0.002 -25"><span class='ocrx_word' id='word_1_173' title='bbox 179 2887 289 2972; x_wconf 68' lang='lat' dir='ltr'><strong>laha</strong></span> <span class='ocrx_word' id='word_1_174' title='bbox 310 2911 575 2992; x_wconf 84' lang='lat' dir='ltr'><strong>pronuntiari?</strong></span> <span class='ocrx_word' id='word_1_175' title='bbox 597 2911 692 2991; x_wconf 87' lang='lat' dir='ltr'><strong>quod</strong></span> <span class='ocrx_word' id='word_1_176' title='bbox 709 2910 861 2972; x_wconf 86' lang='lat' dir='ltr'><strong>Caesari</strong></span> <span class='ocrx_word' id='word_1_177' title='bbox 877 2911 1098 2971; x_wconf 85' lang='lat' dir='ltr'><strong>doctissimo</strong></span> <span class='ocrx_word' id='word_1_178' title='bbox 1114 2913 1209 2971; x_wconf 87' lang='lat' dir='ltr'><strong>artis</strong></span> <span class='ocrx_word' id='word_1_179' title='bbox 1229 2913 1495 2988; x_wconf 84' lang='lat' dir='ltr'><strong>grammaticae</strong></span> 
     </span>
     <span class='ocr_line' id='line_1_24' title="bbox 183 2998 1496 3093; baseline 0.001 -22"><span class='ocrx_word' id='word_1_180' title='bbox 183 2998 381 3075; x_wconf 71' lang='lat' dir='ltr'><strong>Placitum</strong></span> <span class='ocrx_word' id='word_1_181' title='bbox 409 3013 600 3074; x_wconf 88' lang='lat' dir='ltr'><strong>aVictore</strong></span> <span class='ocrx_word' id='word_1_182' title='bbox 633 3031 780 3093; x_wconf 84' lang='lat' dir='ltr'><strong>quoque</strong></span> <span class='ocrx_word' id='word_1_183' title='bbox 815 3014 851 3073; x_wconf 93' lang='lat' dir='ltr'><strong>iu</strong></span> <span class='ocrx_word' id='word_1_184' title='bbox 880 3019 956 3072; x_wconf 86' lang='lat' dir='ltr'><strong>arte</strong></span> <span class='ocrx_word' id='word_1_185' title='bbox 990 3015 1230 3090; x_wconf 84' lang='lat' dir='ltr'><strong>grammatica</strong></span> <span class='ocrx_word' id='word_1_186' title='bbox 1265 3012 1307 3072; x_wconf 82' lang='lat' dir='ltr'><strong>‹le</strong></span> <span class='ocrx_word' id='word_1_187' title='bbox 1340 3012 1496 3092; x_wconf 89' lang='lat' dir='ltr'><strong>syllabis</strong></span> 
     </span>
     <span class='ocr_line' id='line_1_25' title="bbox 185 3112 1494 3200; baseline -0.003 -23"><span class='ocrx_word' id='word_1_188' title='bbox 185 3112 479 3197; x_wconf 72' lang='lat' dir='ltr'><strong>⁰⁰mprobatur.</strong></span> <span class='ocrx_word' id='word_1_189' title='bbox 524 3134 591 3195; x_wconf 91' lang='lat' dir='ltr'><strong>pro</strong></span> <span class='ocrx_word' id='word_1_190' title='bbox 619 3115 790 3195; x_wconf 85' lang='lat' dir='ltr'><strong>simplici</strong></span> <span class='ocrx_word' id='word_1_191' title='bbox 813 3133 960 3193; x_wconf 82' lang='lat' dir='ltr'><strong>quoquo</strong></span> <span class='ocrx_word' id='word_1_192' title='bbox 988 3117 1026 3174; x_wconf 94' lang='lat' dir='ltr'><strong>in</strong></span> <span class='ocrx_word' id='word_1_193' title='bbox 1049 3114 1166 3174; x_wconf 78' lang='lat' dir='ltr'><strong>neura</strong></span> <span class='ocrx_word' id='word_1_194' title='bbox 1191 3115 1362 3175; x_wconf 80' lang='lat' dir='ltr'><strong>‹lictioue</strong></span> <span class='ocrx_word' id='word_1_195' title='bbox 1392 3117 1494 3200; x_wconf 80' lang='lat' dir='ltr'><strong>invo-</strong></span> 
     </span>
     <span class='ocr_line' id='line_1_26' title="bbox 190 3206 1494 3297; baseline -0.004 -17"><span class='ocrx_word' id='word_1_196' title='bbox 190 3206 322 3289; x_wconf 67' lang='lat' dir='ltr'><strong>nitur,</strong></span> <span class='ocrx_word' id='word_1_197' title='bbox 344 3217 407 3280; x_wconf 87' lang='lat' dir='ltr'><strong>sed</strong></span> <span class='ocrx_word' id='word_1_198' title='bbox 430 3218 952 3297; x_wconf 85' lang='lat' dir='ltr'><strong>incompositisut‘iniuria,</strong></span> <span class='ocrx_word' id='word_1_199' title='bbox 977 3216 1151 3291; x_wconf 81' lang='lat' dir='ltr'><strong>adiungo,</strong></span> <span class='ocrx_word' id='word_1_200' title='bbox 1176 3218 1337 3285; x_wconf 86' lang='lat' dir='ltr'><strong>eiectus,</strong></span> <span class='ocrx_word' id='word_1_201' title='bbox 1361 3218 1494 3276; x_wconf 83' lang='lat' dir='ltr'><strong>reico’.</strong></span> 
     </span>
     <span class='ocr_line' id='line_1_27' title="bbox 190 3296 1493 3400; baseline -0.001 -22"><span class='ocrx_word' id='word_1_202' title='bbox 190 3296 447 3398; x_wconf 75' lang='lat' dir='ltr'><strong>Vergiliusin</strong></span> <span class='ocrx_word' id='word_1_203' title='bbox 464 3319 639 3381; x_wconf 88' lang='lat' dir='ltr'><strong>bucolico</strong></span> <span class='ocrx_word' id='word_1_204' title='bbox 663 3317 1066 3400; x_wconf 88' lang='lat' dir='ltr'><strong>[procelcusmaticurn</strong></span> <span class='ocrx_word' id='word_1_205' title='bbox 1083 3316 1493 3397; x_wconf 78' lang='lat' dir='ltr'><strong>posuitpro.ilactylo]:</strong></span> 
     </span>
     <span class='ocr_line' id='line_1_28' title="bbox 244 3413 1148 3503; baseline 0 -24"><span class='ocrx_word' id='word_1_206' title='bbox 244 3413 376 3501; x_wconf 85' lang='lat' dir='ltr'><strong>Tityre</strong></span> <span class='ocrx_word' id='word_1_207' title='bbox 398 3429 600 3503; x_wconf 88' lang='lat' dir='ltr'><strong>pascentes</strong></span> <span class='ocrx_word' id='word_1_208' title='bbox 622 3441 637 3481; x_wconf 90' lang='lat' dir='ltr'><strong>a</strong></span> <span class='ocrx_word' id='word_1_209' title='bbox 661 3421 816 3482; x_wconf 89' lang='lat' dir='ltr'><strong>ilumino</strong></span> <span class='ocrx_word' id='word_1_210' title='bbox 839 3424 941 3482; x_wconf 90' lang='lat' dir='ltr'><strong>reice</strong></span> <span class='ocrx_word' id='word_1_211' title='bbox 964 3419 1148 3502; x_wconf 82' lang='lat' dir='ltr'><strong>capellas;</strong></span> 
     </span>
     <span class='ocr_line' id='line_1_29' title="bbox 199 3520 1496 3604; baseline -0.002 -20"><span class='ocrx_word' id='word_1_212' title='bbox 199 3520 388 3604; x_wconf 75' lang='lat' dir='ltr'><strong>¹¹uuquam</strong></span> <span class='ocrx_word' id='word_1_213' title='bbox 415 3531 535 3585; x_wconf 88' lang='lat' dir='ltr'><strong>autem</strong></span> <span class='ocrx_word' id='word_1_214' title='bbox 564 3531 800 3604; x_wconf 85' lang='lat' dir='ltr'><strong>potestante</strong></span> <span class='ocrx_word' id='word_1_215' title='bbox 829 3542 905 3583; x_wconf 89' lang='lat' dir='ltr'><strong>earn</strong></span> <span class='ocrx_word' id='word_1_216' title='bbox 940 3523 1020 3583; x_wconf 80' lang='lat' dir='ltr'><strong>loco</strong></span> <span class='ocrx_word' id='word_1_217' title='bbox 1053 3523 1211 3601; x_wconf 85' lang='lat' dir='ltr'><strong>positam</strong></span> <span class='ocrx_word' id='word_1_218' title='bbox 1242 3523 1496 3582; x_wconf 85' lang='lat' dir='ltr'><strong>consonantis</strong></span> 
     </span>
     <span class='ocr_line' id='line_1_30' title="bbox 204 3624 1495 3702; baseline -0.005 -16"><span class='ocrx_word' id='word_1_219' title='bbox 204 3626 393 3702; x_wconf 59' lang='lat' dir='ltr'><strong>lspiratic</strong></span> <span class='ocrx_word' id='word_1_220' title='bbox 428 3627 608 3695; x_wconf 87' lang='lat' dir='ltr'><strong>inveniri,</strong></span> <span class='ocrx_word' id='word_1_221' title='bbox 647 3628 747 3686; x_wconf 88' lang='lat' dir='ltr'><strong>siout</strong></span> <span class='ocrx_word' id='word_1_222' title='bbox 782 3644 848 3685; x_wconf 89' lang='lat' dir='ltr'><strong>nec</strong></span> <span class='ocrx_word' id='word_1_223' title='bbox 885 3633 970 3685; x_wconf 86' lang='lat' dir='ltr'><strong>aute</strong></span> <span class='ocrx_word' id='word_1_224' title='bbox 1007 3643 1027 3684; x_wconf 94' lang='lat' dir='ltr'><strong>u</strong></span> <span class='ocrx_word' id='word_1_225' title='bbox 1064 3630 1343 3684; x_wconf 85' lang='lat' dir='ltr'><strong>consonantem.</strong></span> <span class='ocrx_word' id='word_1_226' title='bbox 1401 3624 1495 3683; x_wconf 73' lang='lat' dir='ltr'><strong>uncle</strong></span> 
     </span>
     <span class='ocr_line' id='line_1_31' title="bbox 206 3707 1495 3807; baseline -0.001 -24"><span class='ocrx_word' id='word_1_227' title='bbox 206 3707 386 3789; x_wconf 78' lang='lat' dir='ltr'><strong>‘hiulcus’</strong></span> <span class='ocrx_word' id='word_1_228' title='bbox 424 3727 665 3807; x_wconf 86' lang='lat' dir='ltr'><strong>trisyllabum</strong></span> <span class='ocrx_word' id='word_1_229' title='bbox 702 3735 773 3798; x_wconf 90' lang='lat' dir='ltr'><strong>est,</strong></span> <span class='ocrx_word' id='word_1_230' title='bbox 811 3727 915 3788; x_wconf 90' lang='lat' dir='ltr'><strong>nulla</strong></span> <span class='ocrx_word' id='word_1_231' title='bbox 953 3729 1047 3787; x_wconf 92' lang='lat' dir='ltr'><strong>enim</strong></span> <span class='ocrx_word' id='word_1_232' title='bbox 1084 3744 1298 3786; x_wconf 85' lang='lat' dir='ltr'><strong>consonans</strong></span> <span class='ocrx_word' id='word_1_233' title='bbox 1335 3730 1421 3785; x_wconf 84' lang='lat' dir='ltr'><strong>arrto</strong></span> <span class='ocrx_word' id='word_1_234' title='bbox 1459 3744 1495 3784; x_wconf 83' lang='lat' dir='ltr'><strong>so</strong></span> 
     </span>
     <span class='ocr_line' id='line_1_32' title="bbox 215 3830 648 3910; baseline 0.005 -21"><span class='ocrx_word' id='word_1_235' title='bbox 215 3830 477 3905; x_wconf 56' lang='lat' dir='ltr'><strong>*spirationem</strong></span> <span class='ocrx_word' id='word_1_236' title='bbox 499 3832 648 3910; x_wconf 88' lang='lat' dir='ltr'><strong>recipit.</strong></span> 
     </span>
    </p>
   </div>
   <div class='ocr_carea' id='block_1_5' title="bbox 136 3944 1496 4953">
    <p class='ocr_par' dir='ltr' id='par_1_5' title="bbox 136 3944 1496 4953">
     <span class='ocr_line' id='line_1_33' title="bbox 296 3944 1495 4028; baseline -0.004 -20"><span class='ocrx_word' id='word_1_237' title='bbox 296 3949 349 4009; x_wconf 83' lang='lat' dir='ltr'><strong>bus</strong></span> <span class='ocrx_word' id='word_1_238' title='bbox 369 3948 474 4010; x_wconf 87' lang='lat' dir='ltr'><strong>diesen</strong></span> <span class='ocrx_word' id='word_1_239' title='bbox 496 3949 620 4010; x_wconf 86' lang='lat' dir='ltr'><strong>Worten</strong></span> <span class='ocrx_word' id='word_1_240' title='bbox 649 3950 722 4028; x_wconf 84' lang='lat' dir='ltr'><strong>lolgt</strong></span> <span class='ocrx_word' id='word_1_241' title='bbox 744 3949 898 4016; x_wconf 77' lang='lat' dir='ltr'><strong>zuuicbst,</strong></span> <span class='ocrx_word' id='word_1_242' title='bbox 930 3946 997 4006; x_wconf 78' lang='lat' dir='ltr'><strong>class</strong></span> <span class='ocrx_word' id='word_1_243' title='bbox 1020 3947 1072 4006; x_wconf 76' lang='lat' dir='ltr'><strong>clas</strong></span> <span class='ocrx_word' id='word_1_244' title='bbox 1093 3945 1403 4006; x_wconf 76' lang='lat' dir='ltr'><strong>lralbvolialiscbo</strong></span> <span class='ocrx_word' id='word_1_245' title='bbox 1424 3944 1435 4023; x_wconf 89' lang='lat' dir='ltr'>j</span> <span class='ocrx_word' id='word_1_246' title='bbox 1459 3964 1495 4003; x_wconf 93' lang='lat' dir='ltr'><strong>au</strong></span> 
     </span>
     <span class='ocr_line' id='line_1_34' title="bbox 229 4046 1494 4125; baseline -0.002 -18"><span class='ocrx_word' id='word_1_247' title='bbox 229 4050 507 4112; x_wconf 70' lang='lat' dir='ltr'><strong>verschiedenen</strong></span> <span class='ocrx_word' id='word_1_248' title='bbox 538 4051 686 4112; x_wconf 89' lang='lat' dir='ltr'><strong>Stollcn</strong></span> <span class='ocrx_word' id='word_1_249' title='bbox 710 4051 762 4111; x_wconf 87' lang='lat' dir='ltr'><strong>des</strong></span> <span class='ocrx_word' id='word_1_250' title='bbox 784 4050 902 4111; x_wconf 89' lang='lat' dir='ltr'><strong>Wortes</strong></span> <span class='ocrx_word' id='word_1_251' title='bbox 924 4048 1177 4109; x_wconf 76' lang='lat' dir='ltr'><strong>rorscbicrlcn</strong></span> <span class='ocrx_word' id='word_1_252' title='bbox 1201 4047 1300 4125; x_wconf 74' lang='lat' dir='ltr'><strong>lilang.</strong></span> <span class='ocrx_word' id='word_1_253' title='bbox 1345 4046 1407 4105; x_wconf 83' lang='lat' dir='ltr'><strong>llon</strong></span> <span class='ocrx_word' id='word_1_254' title='bbox 1431 4048 1494 4104; x_wconf 81' lang='lat' dir='ltr'><strong>eiu·</strong></span> 
     </span>
     <span class='ocr_line' id='line_1_35' title="bbox 137 4139 1496 4216; baseline -0.007 -1"><span class='ocrx_word' id='word_1_255' title='bbox 137 4174 142 4183; x_wconf 79' lang='grc'>’</span> <span class='ocrx_word' id='word_1_256' title='bbox 189 4200 192 4205; x_wconf 86' lang='grc'>.</span> <span class='ocrx_word' id='word_1_257' title='bbox 236 4139 317 4213; x_wconf 62' lang='lat' dir='ltr'><strong>lithcu</strong></span> <span class='ocrx_word' id='word_1_258' title='bbox 335 4152 540 4216; x_wconf 76' lang='lat' dir='ltr'><strong>consonantcu</strong></span> <span class='ocrx_word' id='word_1_259' title='bbox 564 4154 740 4215; x_wconf 91' lang='lat' dir='ltr'><strong>bezeicbuct</strong></span> <span class='ocrx_word' id='word_1_260' title='bbox 762 4154 813 4213; x_wconf 79' lang='lat' dir='ltr'><strong>clas</strong></span> <span class='ocrx_word' id='word_1_261' title='bbox 829 4150 1064 4213; x_wconf 84' lang='lat' dir='ltr'><strong>Sclrriitzcicbcn</strong></span> <span class='ocrx_word' id='word_1_262' title='bbox 1088 4150 1099 4209; x_wconf 97' lang='lat' dir='ltr'><strong>l</strong></span> <span class='ocrx_word' id='word_1_263' title='bbox 1123 4152 1163 4209; x_wconf 91' lang='lat' dir='ltr'><strong>irn</strong></span> <span class='ocrx_word' id='word_1_264' title='bbox 1180 4149 1286 4208; x_wconf 80' lang='lat' dir='ltr'><strong>Aulaut</strong></span> <span class='ocrx_word' id='word_1_265' title='bbox 1309 4148 1362 4206; x_wconf 74' lang='lat' dir='ltr'><strong>cler</strong></span> <span class='ocrx_word' id='word_1_266' title='bbox 1378 4146 1496 4206; x_wconf 81' lang='lat' dir='ltr'><strong>Wbrter</strong></span> 
     </span>
     <span class='ocr_line' id='line_1_36' title="bbox 137 4246 1495 4334; baseline -0.013 -11"><span class='ocrx_word' id='word_1_267' title='bbox 137 4256 157 4323; x_wconf 71' lang='lat'><strong>².</strong></span> <span class='ocrx_word' id='word_1_268' title='bbox 242 4246 281 4306; x_wconf 83' lang='lat' dir='ltr'><strong>uit</strong></span> <span class='ocrx_word' id='word_1_269' title='bbox 299 4252 453 4334; x_wconf 75' lang='lat' dir='ltr'><strong>folgenden</strong></span> <span class='ocrx_word' id='word_1_270' title='bbox 481 4256 582 4318; x_wconf 80' lang='lat' dir='ltr'><strong>Volial.</strong></span> <span class='ocrx_word' id='word_1_271' title='bbox 638 4256 805 4316; x_wconf 81' lang='lat' dir='ltr'><strong>llcusolben</strong></span> <span class='ocrx_word' id='word_1_272' title='bbox 833 4255 908 4315; x_wconf 90' lang='lat' dir='ltr'><strong>Laut</strong></span> <span class='ocrx_word' id='word_1_273' title='bbox 938 4252 990 4312; x_wconf 88' lang='lat' dir='ltr'><strong>bat</strong></span> <span class='ocrx_word' id='word_1_274' title='bbox 1017 4271 1049 4311; x_wconf 86' lang='lat' dir='ltr'><strong>cs</strong></span> <span class='ocrx_word' id='word_1_275' title='bbox 1082 4251 1156 4310; x_wconf 87' lang='lat' dir='ltr'><strong>uaclr</strong></span> <span class='ocrx_word' id='word_1_276' title='bbox 1190 4249 1324 4309; x_wconf 85' lang='lat' dir='ltr'><strong>Priscian</strong></span> <span class='ocrx_word' id='word_1_277' title='bbox 1353 4248 1427 4308; x_wconf 89' lang='lat' dir='ltr'><strong>aucb</strong></span> <span class='ocrx_word' id='word_1_278' title='bbox 1455 4250 1495 4307; x_wconf 92' lang='lat' dir='ltr'><strong>iru</strong></span> 
     </span>
     <span class='ocr_line' id='line_1_37' title="bbox 136 4338 1420 4438; baseline -0.011 -15"><span class='ocrx_word' id='word_1_279' title='bbox 136 4362 174 4431; x_wconf 48' lang='grc' dir='ltr'><strong>ζ)</strong></span> <span class='ocrx_word' id='word_1_280' title='bbox 245 4338 312 4413; x_wconf 65' lang='lat' dir='ltr'><strong>lilim</strong></span> <span class='ocrx_word' id='word_1_281' title='bbox 326 4374 377 4420; x_wconf 82' lang='lat' dir='ltr'><strong>von</strong></span> <span class='ocrx_word' id='word_1_282' title='bbox 398 4359 605 4438; x_wconf 86' lang='lat' dir='ltr'><strong>Compositeu,</strong></span> <span class='ocrx_word' id='word_1_283' title='bbox 630 4358 689 4419; x_wconf 83' lang='lat' dir='ltr'><strong>rrnd</strong></span> <span class='ocrx_word' id='word_1_284' title='bbox 713 4377 790 4420; x_wconf 88' lang='lat' dir='ltr'><strong>zwar</strong></span> <span class='ocrx_word' id='word_1_285' title='bbox 813 4355 920 4416; x_wconf 84' lang='lat' dir='ltr'><strong>eirunal</strong></span> <span class='ocrx_word' id='word_1_286' title='bbox 944 4354 1019 4414; x_wconf 86' lang='lat' dir='ltr'><strong>nacb</strong></span> <span class='ocrx_word' id='word_1_287' title='bbox 1043 4355 1265 4419; x_wconf 82' lang='lat' dir='ltr'><strong>Consouautou,</strong></span> <span class='ocrx_word' id='word_1_288' title='bbox 1290 4349 1350 4409; x_wconf 87' lang='lat' dir='ltr'><strong>also</strong></span> <span class='ocrx_word' id='word_1_289' title='bbox 1374 4352 1420 4409; x_wconf 90' lang='lat' dir='ltr'><strong>in:</strong></span> 
     </span>
     <span class='ocr_line' id='line_1_38' title="bbox 136 4449 905 4538; baseline -0.013 -13"><span class='ocrx_word' id='word_1_290' title='bbox 136 4500 176 4525; x_wconf 62' lang='grc' dir='ltr'><strong>,ι</strong></span> <span class='ocrx_word' id='word_1_291' title='bbox 276 4449 438 4531; x_wconf 71' lang='lat' dir='ltr'><strong>abiudico,</strong></span> <span class='ocrx_word' id='word_1_292' title='bbox 498 4459 674 4538; x_wconf 80' lang='lat' dir='ltr'><strong>adiungo,</strong></span> <span class='ocrx_word' id='word_1_293' title='bbox 735 4462 905 4535; x_wconf 84' lang='lat' dir='ltr'><strong>iniungo,</strong></span> 
     </span>
     <span class='ocr_line' id='line_1_39' title="bbox 276 4548 895 4633; baseline 0.003 -17"><span class='ocrx_word' id='word_1_294' title='bbox 276 4548 432 4633; x_wconf 74' lang='lat' dir='ltr'><strong>abiectus,</strong></span> <span class='ocrx_word' id='word_1_295' title='bbox 500 4560 649 4633; x_wconf 88' lang='lat' dir='ltr'><strong>adiuro,</strong></span> <span class='ocrx_word' id='word_1_296' title='bbox 737 4560 895 4627; x_wconf 91' lang='lat' dir='ltr'><strong>iniuria,</strong></span> 
     </span>
     <span class='ocr_line' id='line_1_40' title="bbox 277 4649 924 4733; baseline 0.003 -16"><span class='ocrx_word' id='word_1_297' title='bbox 277 4649 436 4733; x_wconf 79' lang='lat' dir='ltr'><strong>obiectus,</strong></span> <span class='ocrx_word' id='word_1_298' title='bbox 503 4662 673 4733; x_wconf 76' lang='lat' dir='ltr'><strong>adias-eo,</strong></span> <span class='ocrx_word' id='word_1_299' title='bbox 741 4665 924 4728; x_wconf 85' lang='lat' dir='ltr'><strong>iniustus,</strong></span> 
     </span>
     <span class='ocr_line' id='line_1_41' title="bbox 276 4754 917 4835; baseline 0.005 -16"><span class='ocrx_word' id='word_1_300' title='bbox 276 4754 438 4835; x_wconf 75' lang='lat' dir='ltr'><strong>toliaceo,</strong></span> <span class='ocrx_word' id='word_1_301' title='bbox 499 4763 689 4834; x_wconf 76' lang='lat' dir='ltr'><strong>adiectam,</strong></span> <span class='ocrx_word' id='word_1_302' title='bbox 735 4766 917 4831; x_wconf 88' lang='lat' dir='ltr'><strong>iniectus,</strong></span> 
     </span>
     <span class='ocr_line' id='line_1_42' title="bbox 180 4856 973 4953; baseline -0.005 -27"><span class='ocrx_word' id='word_1_303' title='bbox 180 4910 183 4917; x_wconf 84' lang='lat'>-</span> <span class='ocrx_word' id='word_1_304' title='bbox 277 4856 456 4936; x_wconf 75' lang='lat' dir='ltr'><strong>obiectus,</strong></span> <span class='ocrx_word' id='word_1_305' title='bbox 737 4866 973 4953; x_wconf 66' lang='lat' dir='ltr'><strong>coniungo.</strong></span> 
     </span>
    </p>
   </div>
   <div class='ocr_carea' id='block_1_6' title="bbox 0 0 1666 5476">
    <p class='ocr_par' dir='ltr' id='par_1_6' title="bbox 0 0 1666 5476">
     <span class='ocr_line' id='line_1_43' title="bbox 0 0 1666 5476; baseline 0 0"><span class='ocrx_word' id='word_1_306' title='bbox 0 0 1666 5476; x_wconf 95' lang='lat' dir='ltr'><strong> </strong></span> 
     </span>
    </p>
   </div>
  </div>
 </body>
</html>
